
@misc{Manley,
  author = {Scott Manley},
  title = {What Makes Lagrange Points Special Locations In Space},
  url = {https://www.youtube.com/watch?v=7PHvDj4TDfM&t=681s}
}

@misc{Baez,
  author = {John Baez},
  title = {Lagrange Points},
  url = {https://math.ucr.edu/home/baez/lagrange.html},
  year = {2009}
}

